@comment{{This file has been generated by bib2bib 1.94}}

@comment{{Command line: /usr/bin/bib2bib -c ' $key : "AspectJ-WebSite" or $key : "CommonsLogging-WebSite" or $key : "CXF-WebSite" or $key : "JavaServletTechnology-WebSite" or $key : "JMS-WebSite" or $key : "Kiczales1997" or $key : "Spring-WebSite" ' ../../../../../../phd_vanhoorn/bin/../doc/bibs//anomalydetection.bib ../../../../../../phd_vanhoorn/bin/../doc/bibs//avanhoorn.bib ../../../../../../phd_vanhoorn/bin/../doc/bibs//avanhoorn-misc.bib ../../../../../../phd_vanhoorn/bin/../doc/bibs//cbse.bib ../../../../../../phd_vanhoorn/bin/../doc/bibs//cloud-computing.bib ../../../../../../phd_vanhoorn/bin/../doc/bibs//da.bib ../../../../../../phd_vanhoorn/bin/../doc/bibs//dependability.bib ../../../../../../phd_vanhoorn/bin/../doc/bibs//energy-efficiency.bib ../../../../../../phd_vanhoorn/bin/../doc/bibs//experimentation.bib ../../../../../../phd_vanhoorn/bin/../doc/bibs//failurediagnosis.bib ../../../../../../phd_vanhoorn/bin/../doc/bibs//fault-tolerance.bib ../../../../../../phd_vanhoorn/bin/../doc/bibs//hpc.bib ../../../../../../phd_vanhoorn/bin/../doc/bibs//IFIPSummerSchool2009.bib ../../../../../../phd_vanhoorn/bin/../doc/bibs//javaEE.bib ../../../../../../phd_vanhoorn/bin/../doc/bibs//MDE.bib ../../../../../../phd_vanhoorn/bin/../doc/bibs//methodology.bib ../../../../../../phd_vanhoorn/bin/../doc/bibs//misc.bib ../../../../../../phd_vanhoorn/bin/../doc/bibs//phdtheses.bib ../../../../../../phd_vanhoorn/bin/../doc/bibs//probabilistic-systems.bib ../../../../../../phd_vanhoorn/bin/../doc/bibs//program-analysis.bib ../../../../../../phd_vanhoorn/bin/../doc/bibs//reengineering.bib ../../../../../../phd_vanhoorn/bin/../doc/bibs//rejuvenation.bib ../../../../../../phd_vanhoorn/bin/../doc/bibs//reliability.bib ../../../../../../phd_vanhoorn/bin/../doc/bibs//reviews.bib ../../../../../../phd_vanhoorn/bin/../doc/bibs//self-star.bib ../../../../../../phd_vanhoorn/bin/../doc/bibs//simulation.bib ../../../../../../phd_vanhoorn/bin/../doc/bibs//spe.bib ../../../../../../phd_vanhoorn/bin/../doc/bibs//specifications.bib ../../../../../../phd_vanhoorn/bin/../doc/bibs//specs.bib ../../../../../../phd_vanhoorn/bin/../doc/bibs//stack.bib ../../../../../../phd_vanhoorn/bin/../doc/bibs//statistics.bib ../../../../../../phd_vanhoorn/bin/../doc/bibs//study-theses.bib ../../../../../../phd_vanhoorn/bin/../doc/bibs//sw-architecture.bib ../../../../../../phd_vanhoorn/bin/../doc/bibs//technology.bib ../../../../../../phd_vanhoorn/bin/../doc/bibs//testing.bib ../../../../../../phd_vanhoorn/bin/../doc/bibs//virtualization.bib}}

@comment{{jabref-meta: selector_publisher:}}

@comment{{jabref-meta: selector_author:}}

@comment{{jabref-meta: selector_journal:}}

@comment{{jabref-meta: selector_keywords:}}

@comment{{jabref-meta: selector_publisher:}}

@comment{{jabref-meta: selector_author:}}

@comment{{jabref-meta: selector_journal:}}

@comment{{jabref-meta: selector_keywords:}}

@comment{{jabref-meta: selector_publisher:}}

@comment{{jabref-meta: selector_author:}}

@comment{{jabref-meta: selector_journal:}}

@comment{{jabref-meta: selector_keywords:}}

@comment{{jabref-meta: selector_publisher:}}

@comment{{jabref-meta: selector_author:}}

@comment{{jabref-meta: selector_journal:}}

@comment{{jabref-meta: selector_keywords:}}

@comment{{jabref-meta: selector_publisher:}}

@comment{{jabref-meta: selector_author:}}

@comment{{jabref-meta: selector_journal:}}

@comment{{jabref-meta: selector_keywords:}}

@incollection{Kiczales1997,
  author = {Gregor Kiczales and John Lamping and Anurag Menhdhekar and Chris
	Maeda and Cristina Lopes and Jean-Marc Loingtier and John Irwin},
  title = {Aspect-Oriented Programming},
  booktitle = {Proceedings of the European Conference on Object-Oriented Programming
	(ECOOP '97), Jyv\'askyl\'a, Finland, 9-13 June, 1997},
  publisher = {Berlin: Springer},
  year = {1997},
  editor = {Mehmet Ak\c{s}it and Satoshi Matsuoka},
  volume = {1241},
  series = {Lecture Notes in Computer Science},
  pages = {220--242},
  file = {KiczalesLampingMenhdhekarMaedaLopesLoingtierIrwin1997_Aspect-OrientedProgramming.pdf:da/KiczalesLampingMenhdhekarMaedaLopesLoingtierIrwin1997_Aspect-OrientedProgramming.pdf:PDF},
  owner = {voorn},
  timestamp = {2007.03.21}
}

@comment{{jabref-meta: selector_publisher:}}

@comment{{jabref-meta: selector_author:}}

@comment{{jabref-meta: selector_journal:}}

@comment{{jabref-meta: selector_keywords:}}

@comment{{jabref-meta: selector_publisher:}}

@comment{{jabref-meta: selector_author:}}

@comment{{jabref-meta: selector_journal:}}

@comment{{jabref-meta: selector_keywords:}}

@comment{{jabref-meta: selector_publisher:}}

@comment{{jabref-meta: selector_author:}}

@comment{{jabref-meta: selector_journal:}}

@comment{{jabref-meta: selector_keywords:}}

@comment{{jabref-meta: selector_publisher:}}

@comment{{jabref-meta: selector_author:}}

@comment{{jabref-meta: selector_journal:}}

@comment{{jabref-meta: selector_keywords:}}

@comment{{jabref-meta: selector_publisher:}}

@comment{{jabref-meta: selector_author:}}

@comment{{jabref-meta: selector_journal:}}

@comment{{jabref-meta: selector_keywords:}}

@comment{{jabref-meta: selector_publisher:}}

@comment{{jabref-meta: selector_author:}}

@comment{{jabref-meta: selector_journal:}}

@comment{{jabref-meta: selector_keywords:}}

@comment{{jabref-meta: selector_publisher:}}

@comment{{jabref-meta: selector_author:}}

@comment{{jabref-meta: selector_journal:}}

@comment{{jabref-meta: selector_keywords:}}

@comment{{jabref-meta: selector_publisher:}}

@comment{{jabref-meta: selector_author:}}

@comment{{jabref-meta: selector_journal:}}

@comment{{jabref-meta: selector_keywords:}}

@comment{{jabref-meta: selector_publisher:}}

@comment{{jabref-meta: selector_author:}}

@comment{{jabref-meta: selector_journal:}}

@comment{{jabref-meta: selector_keywords:}}

@comment{{jabref-meta: selector_publisher:}}

@comment{{jabref-meta: selector_author:}}

@comment{{jabref-meta: selector_journal:}}

@comment{{jabref-meta: selector_keywords:}}

@comment{{jabref-meta: selector_publisher:}}

@comment{{jabref-meta: selector_author:}}

@comment{{jabref-meta: selector_journal:}}

@comment{{jabref-meta: selector_keywords:}}

@comment{{jabref-meta: selector_publisher:}}

@comment{{jabref-meta: selector_author:}}

@comment{{jabref-meta: selector_journal:}}

@comment{{jabref-meta: selector_keywords:}}

@comment{{jabref-meta: selector_publisher:}}

@comment{{jabref-meta: selector_author:}}

@comment{{jabref-meta: selector_journal:}}

@comment{{jabref-meta: selector_keywords:}}

@comment{{jabref-meta: selector_publisher:}}

@comment{{jabref-meta: selector_author:}}

@comment{{jabref-meta: selector_journal:}}

@comment{{jabref-meta: selector_keywords:}}

@comment{{jabref-meta: selector_publisher:}}

@comment{{jabref-meta: selector_author:}}

@comment{{jabref-meta: selector_journal:}}

@comment{{jabref-meta: selector_keywords:}}

@comment{{jabref-meta: selector_publisher:}}

@comment{{jabref-meta: selector_author:}}

@comment{{jabref-meta: selector_journal:}}

@comment{{jabref-meta: selector_keywords:}}

@comment{{jabref-meta: selector_publisher:}}

@comment{{jabref-meta: selector_author:}}

@comment{{jabref-meta: selector_journal:}}

@comment{{jabref-meta: selector_keywords:}}

@comment{{jabref-meta: selector_publisher:}}

@comment{{jabref-meta: selector_author:}}

@comment{{jabref-meta: selector_journal:}}

@comment{{jabref-meta: selector_keywords:}}

@comment{{jabref-meta: selector_publisher:}}

@comment{{jabref-meta: selector_author:}}

@comment{{jabref-meta: selector_journal:}}

@comment{{jabref-meta: selector_keywords:}}

@comment{{jabref-meta: selector_publisher:}}

@comment{{jabref-meta: selector_author:}}

@comment{{jabref-meta: selector_journal:}}

@comment{{jabref-meta: selector_keywords:}}

@comment{{jabref-meta: selector_publisher:}}

@comment{{jabref-meta: selector_author:}}

@comment{{jabref-meta: selector_journal:}}

@comment{{jabref-meta: selector_keywords:}}

@comment{{jabref-meta: selector_publisher:}}

@comment{{jabref-meta: selector_author:}}

@comment{{jabref-meta: selector_journal:}}

@comment{{jabref-meta: selector_keywords:}}

@comment{{jabref-meta: selector_publisher:}}

@comment{{jabref-meta: selector_author:}}

@comment{{jabref-meta: selector_journal:}}

@comment{{jabref-meta: selector_keywords:}}

@comment{{jabref-meta: selector_publisher:}}

@comment{{jabref-meta: selector_author:}}

@comment{{jabref-meta: selector_journal:}}

@comment{{jabref-meta: selector_keywords:}}

@comment{{jabref-meta: selector_publisher:}}

@comment{{jabref-meta: selector_author:}}

@comment{{jabref-meta: selector_journal:}}

@comment{{jabref-meta: selector_keywords:}}

@comment{{jabref-meta: selector_publisher:}}

@comment{{jabref-meta: selector_author:}}

@comment{{jabref-meta: selector_journal:}}

@comment{{jabref-meta: selector_keywords:}}

@comment{{jabref-meta: selector_publisher:}}

@comment{{jabref-meta: selector_author:}}

@comment{{jabref-meta: selector_journal:}}

@comment{{jabref-meta: selector_keywords:}}

@misc{JavaServletTechnology-WebSite,
  author = {Oracle},
  title = {{J}ava {S}ervlet {T}echnology},
  howpublished = {\url{http://www.oracle.com/technetwork/java/index-jsp-135475.html}},
  year = {2010},
  owner = {voorn},
  timestamp = {2010.08.16}
}

@misc{JMS-WebSite,
  author = {Oracle},
  title = {{J}ava {M}essaging {S}ervice~({JMS})},
  howpublished = {\url{http://www.oracle.com/technetwork/java/index-jsp-142945.html}},
  year = {2010},
  owner = {voorn},
  timestamp = {2010.08.16}
}

@misc{Spring-WebSite,
  author = {{S}pringSource},
  title = {Spring},
  howpublished = {\url{http://www.springsource.org/}},
  year = {2010},
  owner = {voorn},
  timestamp = {2010.08.16}
}

@misc{CommonsLogging-WebSite,
  author = {{The  Apache Foundation}},
  title = {{C}ommons {L}ogging},
  howpublished = {\url{http://commons.apache.org/logging/}},
  year = {2010},
  owner = {voorn},
  timestamp = {2010.08.16}
}

@misc{CXF-WebSite,
  author = {{The  Apache Foundation}},
  title = {Apache {CXF}},
  howpublished = {\url{http://cxf.apache.org/}},
  year = {2010},
  owner = {voorn},
  timestamp = {2010.08.16}
}

@misc{AspectJ-WebSite,
  author = {{The Eclipse Foundation}},
  title = {{T}he {AspectJ} {P}roject},
  howpublished = {\url{http://www.eclipse.org/aspectj/}},
  year = {2010},
  owner = {voorn},
  timestamp = {2010.08.16}
}

@comment{{jabref-meta: selector_publisher:}}

@comment{{jabref-meta: selector_author:}}

@comment{{jabref-meta: selector_journal:}}

@comment{{jabref-meta: selector_keywords:}}

@comment{{jabref-meta: selector_publisher:}}

@comment{{jabref-meta: selector_author:}}

@comment{{jabref-meta: selector_journal:}}

@comment{{jabref-meta: selector_keywords:}}

@comment{{jabref-meta: selector_publisher:}}

@comment{{jabref-meta: selector_author:}}

@comment{{jabref-meta: selector_journal:}}

@comment{{jabref-meta: selector_keywords:}}

